<?xml version="1.0" encoding="UTF-8"?><collection xmlns="http://www.loc.gov/MARC21/slim"><record><leader>00415nam--2200157-i-4500</leader><controlfield tag="001">000017025</controlfield><controlfield tag="002">20161230</controlfield><controlfield tag="005">20170304160622</controlfield><controlfield tag="008">060222s1000------------r-----000-0-eng-d</controlfield><datafield ind1=" " ind2=" " tag="100"><subfield code="a">Dan, Petru Alexandru</subfield></datafield><datafield ind1=" " ind2=" " tag="245"><subfield code="a">Contactul metal-semiconductor in microelectronica</subfield></datafield><datafield ind1=" " ind2=" " tag="260"><subfield code="a">Bucuresti</subfield><subfield code="b">Ed.Academiei Rsr</subfield><subfield code="c">1988</subfield></datafield><datafield ind1=" " ind2=" " tag="300"><subfield code="a">272 p</subfield></datafield><datafield ind1=" " ind2=" " tag="700"><subfield code="a">Brezeanu, Gh</subfield></datafield><datafield ind1=" " ind2=" " tag="852"><subfield code="a">621.382</subfield></datafield><datafield ind1=" " ind2=" " tag="CAT"><subfield code="a">SYS</subfield><subfield code="c">20170304</subfield><subfield code="h">160622</subfield></datafield></record></collection>